<mx:record xmlns="http://www.w3.org/TR/xhtml1/strict" xmlns:mx="http://www.loc.gov/MARC21/slim" xmlns:xsi="http://www.w3.org/2001/XMLSchema-instance"><mx:leader>00000nz a2200000n 45 0</mx:leader><mx:controlfield tag="001">oca03530341 </mx:controlfield><mx:controlfield tag="005">19940114153958.9</mx:controlfield><mx:controlfield tag="008">940114n| acannaab |n aaa ||| </mx:controlfield><mx:datafield ind1=" " ind2=" " tag="010"><mx:subfield code="a">n 94004812</mx:subfield></mx:datafield><mx:datafield ind1=" " ind2=" " tag="040"><mx:subfield code="a">DLC</mx:subfield><mx:subfield code="c">DLC</mx:subfield></mx:datafield><mx:datafield ind1="0" ind2=" " tag="100"><mx:subfield code="a">Calpurnius Flaccus</mx:subfield></mx:datafield><mx:datafield ind1=" " ind2=" " tag="670"><mx:subfield code="a">His The declamations of Calpurnius Flaccus, 1994:</mx:subfield><mx:subfield code="b">CIP author page (the manuscript ascribes this collection to a
            Calpurnius Flaccus; it provides no praenomen or other evidence regarding his identity or
            date, except for strong indications in the text itself, that the style would appear to
            date after ca. 100 AD)</mx:subfield></mx:datafield><mx:datafield ind1=" " ind2=" " tag="670"><mx:subfield code="a">LC data base, 01-14-94</mx:subfield><mx:subfield code="b">(hdg.: Calpurnius Flaccus)</mx:subfield></mx:datafield><mx:datafield ind1=" " ind2=" " tag="999"><mx:subfield code="a">3566</mx:subfield></mx:datafield></mx:record>